--- COMMENTS may be placed outside the @ENTRYTYPE{ ... } stuctures
--- CMS guidelines
---- Every journal article citation should include the DOI, assuming one exists.
---- All URLs for CMS notes, ANs, etc, should refer to the CDS server, not the CMS server. Use our standard format for them, as show in the old svn documentation.
----  CMS Notes not available on CDS are regarded as private and may not be cited.
----  CMS physics papers (i.e., those intended for publication in journals) may reference only POG PASs, not PAG PASs.
---- For papers by collaborations, list the collaboration in the COLLABOROATION field and put the first author and "and others" in the AUTHOR field.
----  If only the collaboration is listed as the author, put "{XXX Collaboration}" under AUTHOR.
----  Note that we automatically replace the AUTHOR field with the collaboration name for ATLAS, CMS, LHCb, and ATLAS at submission time. Please don't remove the
----  "First Author and others" in the AUTHOR field.
---- Other items:
----   PAGES: Please only list the first page, not the range.
----   ISSUE: Please do not include in most cases.
----   URL: Do not include this field if a DOI is available.
---- Number of authors to list:
----   PRL requests that we include all authors up to fifteen except for large collaborations, and we take this as our internal guide as well. If there
----   are more than fifteen, just list the first author + "and others", as above.
----   The individual journal bib style file (theirs, ours, PLB, etc.) will truncate at the appropriate point. We have ours set to _1_ for more than four.
---- Use only the URL field instead of embedding an href.
---- A reference only published on the arXiv should be listed as UNPUBLISHED (with a note "Submitted to XXX" for large collaboration papers).
----   Experimental papers only on the arXiv and not submitted for publication may not be cited.
---- Some journals (and us) will lowercase the title: use {} to protect words which must be capitalized, e.g., {LHC}, {TeV}, {CERN}, {CMS}.
----  Do not escape the entire title as it will then clash with the journal style.
---- Journal names: the journals generally include the series in the journal name, "Physical Review D", vol 5, rather than PR D5
---- >>> Please use the --preview option with the tdr script to perform a simple-minded reference check before uploading. This requires python.
@article{LHCproject,
      author        = "Evans, Lyndon R",
      title         = "{The Large Hadron Collider Project}",
      reportNumber  = "LHC-Project-Report-53, CERN-LHC-Project-Report-53",
      year          = "1997",
      url           = "https://cds.cern.ch/record/313675",
}
@techreport{LHCdesign,
      author        = "Pettersson, Thomas Sven and Lefèvre, P",
      collaboration = "LHCStudyGroup",
      title         = "{The Large Hadron Collider: conceptual design}",
      reportNumber  = "CERN-AC-95-05-LHC",
      year          = "1995",
      url           = "https://cds.cern.ch/record/291782",
      doi           = "10.17181/CERN-AC-95-05-LHC",
}
@misc{LHCMap,
      author        = "Vittorio Frigo",
      title         = "{LHC map in 3D. Schéma du LHC en 3D}",
      year          = "1997",
      url           = "https://cds.cern.ch/record/842700",
      note          = "AC Collection. Legacy of AC. Pictures from 1992 to 2002.",
}
@book{aitchisonhey,
      author        = "Aitchison, I.J.R., and Hey, A.J.G.",
      title         = "{Gauge Theories in Particle Physics: A Practical Introduction}",
      publisher     = "CRC Press",
      year          = "2012",
      url           = "https://doi.org/10.1201/9781315275253",
      note          = "Fourth Edition - 2 Volume set (4th ed.)",
      doi           = "10.1201/9781315275253",
}
@book{LEP,
      author        = "Myers, Stephen",
      title         = "{The LEP Collider, from design to approval and
                       commissioning}",
      publisher     = "CERN",
      address       = "Geneva",
      series        = "John Adams' memorial lecture",
      year          = "1991",
      url           = "https://cds.cern.ch/record/226776",
      note          = "Delivered at CERN, 26 Nov 1990",
      doi           = "10.5170/CERN-1991-008",
}
@article{CMS_PU,
    author = {{The CMS Collaboration}},
    collaboration = "CMS",
    title = "{Pileup mitigation at CMS in 13 TeV data}",
    eprint = "2003.00503",
    archivePrefix = "arXiv",
    primaryClass = "hep-ex",
    reportNumber = "CMS-JME-18-001, CERN-EP-2020-017",
    doi = "10.1088/1748-0221/15/09/P09018",
    journal = "JINST",
    volume = "15",
    number = "09",
    pages = "P09018",
    year = "2020"
}
@misc{root,
  author       = {Rene Brun, et al.},
  title        = {root-project/root: v6.18/02},
  month        = aug,
  year         = 2019,
  publisher    = {Zenodo},
  version      = {v6-18-02},
  doi          = {10.5281/zenodo.3895860},
  url          = {https://doi.org/10.5281/zenodo.3895860},
}
@article{tunfold,
doi = {10.1088/1748-0221/7/10/T10003},
url = {https://dx.doi.org/10.1088/1748-0221/7/10/T10003},
year = {2012},
month = {oct},
publisher = {},
volume = {7},
number = {10},
pages = {T10003},
author = {Stefan Schmitt},
title = {TUnfold, an algorithm for correcting migration effects in high energy physics},
journal = {Journal of Instrumentation},}
}
@book{economics_JK, place={Cambridge}, title={Microeconometrics: Methods and Applications}, publisher={Cambridge University Press}, author={Cameron, A. Colin and Trivedi, Pravin K.}, year={2005}}

@article{lumi2016,
	Author = {The CMS Collaboration},
	Da = {2021/09/09},
	Date-Added = {2025-05-23 00:34:30 +0000},
	Date-Modified = {2025-05-23 00:34:30 +0000},
	Doi = {10.1140/epjc/s10052-021-09538-2},
	Id = {Sirunyan2021},
	Isbn = {1434-6052},
	Journal = {The European Physical Journal C},
	Number = {9},
	Pages = {800},
	Title = {Precision luminosity measurement in proton--proton collisions at {\$}{\$}{$\backslash$}sqrt{\{}s{\}} = 13{$\backslash$},{$\backslash$}hbox {\{}TeV{\}}{\$}{\$}in 2015 and 2016 at CMS},
	Ty = {JOUR},
	Url = {https://doi.org/10.1140/epjc/s10052-021-09538-2},
	Volume = {81},
	Year = {2021},
	Bdsk-Url-1 = {https://doi.org/10.1140/epjc/s10052-021-09538-2},
	Bdsk-Url-2 = {http://dx.doi.org/10.1140/epjc/s10052-021-09538-2}}
@article{lumi2017,
    collaboration = "CMS",
    title = "{CMS luminosity measurement for the 2017 data-taking period at $\sqrt{s} = 13~\mathrm{TeV}$}",
    reportNumber = "CMS-PAS-LUM-17-004",
    year = "2018"
}
@article{lumi2018,
    collaboration = "CMS",
    title = "{CMS luminosity measurement for the 2018 data-taking period at $\sqrt{s} = 13~\mathrm{TeV}$}",
    reportNumber = "CMS-PAS-LUM-18-002",
    year = "2019"
}
@article{herwig,
	author = "Bellm, Johannes and others",
	title = "{Herwig 7.0/Herwig++ 3.0 release note}",
	eprint = "1512.01178",
	archivePrefix = "arXiv",
	primaryClass = "hep-ph",
	reportNumber = "CERN-PH-TH-2015-289, MAN-HEP-2015-15, IFJPAN-IV-2015-13, KA-TP-18-2015, DCPT-15-142, MCNET-15-28, IPPP-15-71, HERWIG-2015-01",
	doi = "10.1140/epjc/s10052-016-4018-8",
	journal = "Eur. Phys. J. C",
	volume = "76",
	number = "4",
	pages = "196",
	year = "2016"
}
%--- TO DO: switch to madgraph5
@ARTICLE{madgraph,
	author    = "Alwall, Johan and others",
	title     = "{MadGraph/MadEvent v4: The New Web Generation}",
	journal   = "JHEP",
	volume    = "09",
	year      = "2007",
	pages     = "028",
	eprint    = "0706.2334",
	archivePrefix = "arXiv",
	primaryClass  =  "hep-ph",
	doi       = "10.1088/1126-6708/2007/09/028",
}
@article{CP5,
	author = "Tumasyan, Armen and others",
	collaboration = "CMS",
	title = "{CMS pythia ~8 colour reconnection tunes based on underlying-event data}",
	eprint = "2205.02905",
	archivePrefix = "arXiv",
	primaryClass = "hep-ex",
	reportNumber = "CMS-GEN-17-002, CERN-EP-2022-005",
	doi = "10.1140/epjc/s10052-023-11630-8",
	journal = "Eur. Phys. J. C",
	volume = "83",
	number = "7",
	pages = "587",
	year = "2023"
}
@article{pythia8,
	author         = "Sj{\"o}strand, Torbjorn and Mrenna, Stephen and Skands, Peter Z.",
	title          = "{A Brief Introduction to PYTHIA 8.1}",
	journal        = "Comput. Phys. Commun.",
	volume         = "178",
	pages          = "852",
	doi            = "10.1016/j.cpc.2008.01.036",
	year           = "2008",
	eprint         = "0710.3820",
	archivePrefix  = "arXiv",
	primaryClass   = "hep-ph",
	reportNumber   = "CERN-LCGAPP-2007-04, LU-TP-07-28, FERMILAB-PUB-07-512-CD-T",
	SLACcitation   = "%%CITATION = ARXIV:0710.3820;%%",
}
@article{geant4,
	title = "{\sc Geant}4--—a simulation toolkit ",
	journal = "Nuclear Instruments and Methods in Physics Research Section A: Accelerators, Spectrometers, Detectors and Associated Equipment ",
	volume = "506",
	number = "3",
	pages = "250 - 303",
	year = "2003",
	note = "",
	issn = "0168-9002",
	doi = "10.1016/S0168-9002(03)01368-8",
	url = "http://www.sciencedirect.com/science/article/pii/S0168900203013688",
	author = "S. Agostinelli and others",
	keywords = "Simulation",
	keywords = "Particle interactions",
	keywords = "Geometrical modelling",
	keywords = "Software engineering",
	keywords = "Object-oriented technology",
	keywords = "Distributed software development "
}
@article{particleflow,
	TITLE="Particle-Flow Event Reconstruction in CMS and Performance for Jets, Taus, and MET",
	COLLABORATION       = "CMS",
	JOURNAL      = "CMS PAS PFT-09-001",
	YEAR         = "2009"
}
@article{antikt,
doi = {10.1088/1126-6708/2008/04/063},
url = {https://dx.doi.org/10.1088/1126-6708/2008/04/063},
year = {2008},
month = {apr},
publisher = {},
volume = {2008},
number = {04},
pages = {063},
author = {Matteo Cacciari and Gavin P. Salam and Gregory Soyez},
title = {The anti-kt jet clustering algorithm},
journal = {Journal of High Energy Physics},
}
% Make references to webpages using misc
@misc{jetveto,
author = {{CMS JME}},
title = "Latest Recommendations - Jet Veto Maps",
note = "\url{https://hypernews.cern.ch/HyperNews/CMS/get/JetMET/2000.html}"
}
@misc{HEM,
author = {{CMS JetMET group}},
title = "Treatment of the HEM15/16 region in 2018 data",
note = "\url{https://cms-jerc.web.cern.ch/Recommendations/#jet-veto-maps}"
}
@misc{brilcalc,
author = {{CMS BRIL}},
title = "BRIL Work Suite",
note = "\url{https://cms-service-lumi.web.cern.ch/cms-service-lumi/brilwsdoc.html}"
}
@misc{l1prefiring,
author = {{CMS}},
title = "Reweighting recipe to emulate Level 1 ECAL and Muon prefiring",
note = "\url{https://twiki.cern.ch/twiki/bin/viewauth/CMS/L1PrefiringWeightRecipe}"
}
@misc{jetid,
	author = {{CMS JME}},
	title = "Jet Identification for the 13 TeV UL data",
	note = {\url{https://twiki.cern.ch/twiki/bin/view/CMS/JetID13TeVUL}}
}
@misc{JEC,
author = {{CMS JME}},
title = "Latest Recommendations - Jet Energy Corrections",
note = "\url{https://cms-jerc.web.cern.ch/Recommendations/}"
}
@misc{PUSFgithub,
author = {{CMS LUMI POG}},
title = "JSON POG Integrartion LUMI",
note = "\url{https://gitlab.cern.ch/cms-nanoAOD/jsonpog-integration/-/tree/master/POG/LUM}"
}
@misc{LUMIPOGtwiki,
author = {{CMS LUMI POG}},
title = "Utilities for Accessing Pileup Information for Data",
note = "\url{https://twiki.cern.ch/twiki/bin/view/CMS/PileupJSONFileforData#Recommended_cross_section}"
}
@article{puppi,
	title={Pileup per particle identification},
	volume={2014},
	ISSN={1029-8479},
	url={http://dx.doi.org/10.1007/JHEP10(2014)059},
	DOI={10.1007/jhep10(2014)059},
	number={10},
	journal={Journal of High Energy Physics},
	publisher={Springer Science and Business Media LLC},
	author={Bertolini, Daniele and Harris, Philip and Low, Matthew and Tran, Nhan},
	year={2014},
	month=oct }
@article{jetography,
	title={Towards jetography},
	volume={67},
	ISSN={1434-6052},
	url={http://dx.doi.org/10.1140/epjc/s10052-010-1314-6},
	DOI={10.1140/epjc/s10052-010-1314-6},
	number={3–4},
	journal={The European Physical Journal C},
	publisher={Springer Science and Business Media LLC},
	author={Salam, Gavin P.},
	year={2010},
	month=may, pages={637–686} }
@article{1605_IncJet,
	title={Measurement of the double-differential inclusive jet cross section in proton–proton collisions at $\sqrt{s} = 13\text{TeV} $},
	volume={76},
	ISSN={1434-6052},
	url={http://dx.doi.org/10.1140/epjc/s10052-016-4286-3},
	DOI={10.1140/epjc/s10052-016-4286-3},
	number={8},
	journal={The European Physical Journal C},
	publisher={Springer Science and Business Media LLC},
	author={The CMS Collaboration},
	year={2016},
	month=aug }


@article{dijet2016,
	Author = {{The CMS Collaboration}},
	Da = {2018/11/20},
	Date-Added = {2025-04-04 18:39:02 +0000},
	Date-Modified = {2025-04-04 18:39:26 +0000},
	Doi = {10.1007/JHEP11(2018)113},
	Id = {Sirunyan2018},
	Isbn = {1029-8479},
	Journal = {Journal of High Energy Physics},
	Number = {11},
	Pages = {113},
	Title = {Measurements of the differential jet cross section as a function of the jet mass in dijet events from proton-proton collisions at {\$}{\$} {$\backslash$}sqrt{\{}s{\}}=13 {\$}{\$}TeV},
	Ty = {JOUR},
	Url = {https://doi.org/10.1007/JHEP11(2018)113},
	Volume = {2018},
	Year = {2018},
	Bdsk-Url-1 = {https://doi.org/10.1007/JHEP11(2018)113},
	Bdsk-Url-2 = {http://dx.doi.org/10.1007/JHEP11(2018)113}}

@Article{CA,
	author    = "Dokshitzer, Yuri L. and Leder, G. D. and Moretti, S. and
	Webber, B. R.",
	title     = "{Better Jet Clustering Algorithms}",
	journal   = "JHEP",
	volume    = "08",
	year      = "1997",
	pages     = "001",
	eprint    = "hep-ph/9707323",
	archivePrefix = "arXiv",
	SLACcitation  = "%%CITATION = HEP-PH/9707323;%%"
}
@article{mMDT,
	author         = "Dasgupta, Mrinal and Fregoso, Alessandro and Marzani,
	Simone and Salam, Gavin P.",
	title          = "{Towards an understanding of jet substructure}",
	journal        = "JHEP",
	volume         = "09",
	year           = "2013",
	pages          = "029",
	doi            = "10.1007/JHEP09(2013)029",
	eprint         = "1307.0007",
	archivePrefix  = "arXiv",
	primaryClass   = "hep-ph",
	reportNumber   = "CERN-PH-TH-2013-145, DCPT-13-86, IPPP-13-43, LPN13-036,
	MAN-HEP-2013-12",
	SLACcitation   = "%%CITATION = ARXIV:1307.0007;%%"
}
@article{softdrop,
	author         = "Larkoski, Andrew J. and Marzani, Simone and Soyez,
	Gregory and Thaler, Jesse",
	title          = "{Soft Drop}",
	journal        = "JHEP",
	volume         = "1405",
	pages          = "146",
	doi            = "10.1007/JHEP05(2014)146",
	year           = "2014",
	eprint         = "1402.2657",
	archivePrefix  = "arXiv",
	primaryClass   = "hep-ph",
	reportNumber   = "MIT-CTP-4531, DCPT-14-24, IPPP-14-12",
	SLACcitation   = "%%CITATION = ARXIV:1402.2657;%%",                                                                                                                                                                                     
}
@book{advancesInJet,
title = {Advances in Jet Substructure at the LHC},
subtitle = {Algorithms, Measurements and Searches for New Physical Phenomena},
author = {Roman Kogler},
year = {2021},
publisher = {Springer},
}

@article{nnpdf,
	Author = {Ball, Richard D. and Carrazza, Stefano and Debbio, Luigi Del and Forte, Stefano and Kassabov, Zahari and Rojo, Juan and Slade, Emma and Ubiali, Maria},
	Da = {2018/05/24},
	Date-Added = {2025-03-18 21:51:00 +0000},
	Date-Modified = {2025-03-18 21:51:00 +0000},
	Doi = {10.1140/epjc/s10052-018-5897-7},
	Id = {Ball2018},
	Isbn = {1434-6052},
	Journal = {The European Physical Journal C},
	Number = {5},
	Pages = {408},
	Title = {Precision determination of the strong coupling constant within a global PDF analysis},
	Ty = {JOUR},
	Url = {https://doi.org/10.1140/epjc/s10052-018-5897-7},
	Volume = {78},
	Year = {2018},
	Bdsk-Url-1 = {https://doi.org/10.1140/epjc/s10052-018-5897-7},
	Bdsk-Url-2 = {http://dx.doi.org/10.1140/epjc/s10052-018-5897-7}
	}

@article{nnpdf3.1,
	Author = {Ball, Richard D. and Bertone, Valerio and Carrazza, Stefano and Debbio, Luigi Del and Forte, Stefano and Groth-Merrild, Patrick and Guffanti, Alberto and Hartland, Nathan P. and Kassabov, Zahari and Latorre, Jos{\'e}I. and Nocera, Emanuele R. and Rojo, Juan and Rottoli, Luca and Slade, Emma and Ubiali, Maria},
	Da = {2017/10/04},
	Date-Added = {2025-05-23 17:05:19 +0000},
	Date-Modified = {2025-05-23 17:05:19 +0000},
	Doi = {10.1140/epjc/s10052-017-5199-5},
	Id = {Ball2017},
	Isbn = {1434-6052},
	Journal = {The European Physical Journal C},
	Number = {10},
	Pages = {663},
	Title = {Parton distributions from high-precision collider data},
	Ty = {JOUR},
	Url = {https://doi.org/10.1140/epjc/s10052-017-5199-5},
	Volume = {77},
	Year = {2017},
	Bdsk-Url-1 = {https://doi.org/10.1140/epjc/s10052-017-5199-5},
	Bdsk-Url-2 = {http://dx.doi.org/10.1140/epjc/s10052-017-5199-5}}

@article{dijetZjet2013,
	Author = {{The CMS collaboration}},
	Da = {2013/05/17},
	Date-Added = {2025-03-19 18:26:04 +0000},
	Date-Modified = {2025-03-19 18:26:04 +0000},
	Doi = {10.1007/JHEP05(2013)090},
	Id = {Chatrchyan2013},
	Isbn = {1029-8479},
	Journal = {Journal of High Energy Physics},
	Number = {5},
	Pages = {90},
	Title = {Studies of jet mass in dijet and W/Z + jet events},
	Ty = {JOUR},
	Url = {https://doi.org/10.1007/JHEP05(2013)090},
	Volume = {2013},
	Year = {2013},
	Bdsk-Url-1 = {https://doi.org/10.1007/JHEP05(2013)090},
	Bdsk-Url-2 = {http://dx.doi.org/10.1007/JHEP05(2013)090}}
	
@article{pureSamples,
	Abstract = {Having pure samples of quark and gluon jets would greatly facilitate the study of jet properties and substructure, with many potential standard model and new physics applications. To this end, we consider multijet and jets + X samples, to determine the purity that can be achieved by simple kinematic cuts leaving reasonable production cross sections. We find, for example, that at the 7TeV LHC, the pp →γ+2jets sample can provide 98{\%} pure quarkjets with 200 GeV of transverse momentum and a cross section of 5 pb. Toget 10 pb of 200 GeV jets with 90{\%} gluon purity, the pp →3jets sample can be used. b+2jets is also useful for gluons, but only if the b-tagging is very efficient.},
	Author = {Gallicchio, Jason and Schwartz, Matthew D.},
	Da = {2011/10/20},
	Date-Added = {2025-03-19 18:29:27 +0000},
	Date-Modified = {2025-03-19 18:29:27 +0000},
	Doi = {10.1007/JHEP10(2011)103},
	Id = {Gallicchio2011},
	Isbn = {1029-8479},
	Journal = {Journal of High Energy Physics},
	Number = {10},
	Pages = {103},
	Title = {Pure samples of quark and gluon jets at the LHC},
	Ty = {JOUR},
	Url = {https://doi.org/10.1007/JHEP10(2011)103},
	Volume = {2011},
	Year = {2011},
	Bdsk-Url-1 = {https://doi.org/10.1007/JHEP10(2011)103},
	Bdsk-Url-2 = {http://dx.doi.org/10.1007/JHEP10(2011)103}}
@article{SaarimakiThesis,
	author        = "Saarimaki, Oskari",
	title         = "{Dijet invariant mass spectrum in pp and p-Pb collisions
	at √sNN=5.02 TeV}",
	school        = "Jyvaskyla U.",
	year          = "2023",
	url           = "https://cds.cern.ch/record/2863473",
	note          = "Presented 2023",
}
@article{trackPVCMS2014,
doi = {10.1088/1748-0221/9/10/P10009},
url = {https://dx.doi.org/10.1088/1748-0221/9/10/P10009},
year = {2014},
month = {oct},
publisher = {},
volume = {9},
number = {10},
pages = {P10009},
author = {The CMS Collaboration},
title = {Description and performance of track and primary-vertex reconstruction with the CMS tracker},
journal = {Journal of Instrumentation},
}

@article{dijetZjet2021,
	Author = {{The CMS Collaboration}},
	Da = {2022/01/31},
	Date-Added = {2025-04-07 14:31:40 +0000},
	Date-Modified = {2025-04-07 14:31:40 +0000},
	Doi = {10.1007/JHEP01(2022)188},
	Id = {Tumasyan2022},
	Isbn = {1029-8479},
	Journal = {Journal of High Energy Physics},
	Number = {1},
	Pages = {188},
	Title = {Study of quark and gluon jet substructure in Z+jet and dijet events from pp collisions},
	Ty = {JOUR},
	Url = {https://doi.org/10.1007/JHEP01(2022)188},
	Volume = {2022},
	Year = {2022},
	Bdsk-Url-1 = {https://doi.org/10.1007/JHEP01(2022)188},
	Bdsk-Url-2 = {http://dx.doi.org/10.1007/JHEP01(2022)188}}
	
